@Phdthesis {
    thesis:barton,
    author = "Barton, Matthew J.",
    title = "Controller Development and Implementation for Path Planning and Following in an Autonomous Urban Vehicle",
    school = "{A}ustralian {C}entre for {F}ield {R}obotics ({ACFR}), {S}chool of {A}erospace, {M}echanical and {M}echatronic {E}ngineering, {T}he {U}niversity of {S}ydney",
    year = "2001",
    mount = "november"
}

